@article{DBLP:journals/corr/abs-2201-11903,
  author       = {Jason Wei and
                  Xuezhi Wang and
                  Dale Schuurmans and
                  Maarten Bosma and
                  Ed H. Chi and
                  Quoc Le and
                  Denny Zhou},
  title        = {Chain of Thought Prompting Elicits Reasoning in Large Language Models},
  journal      = {CoRR},
  volume       = {abs/2201.11903},
  year         = {2022},
  url          = {https://arxiv.org/abs/2201.11903},
  eprinttype    = {arXiv},
  eprint       = {2201.11903},
  timestamp    = {Fri, 22 Apr 2022 16:06:31 +0200},
  biburl       = {https://dblp.org/rec/journals/corr/abs-2201-11903.bib},
  bibsource    = {dblp computer science bibliography, https://dblp.org}
}


@misc{zou2024poisonedrag,
      title={PoisonedRAG: Knowledge Poisoning Attacks to Retrieval-Augmented Generation of Large Language Models}, 
      author={Wei Zou and Runpeng Geng and Binghui Wang and Jinyuan Jia},
      year={2024},
      eprint={2402.07867},
      archivePrefix={arXiv},
      primaryClass={id='cs.CR' full_name='Cryptography and Security' is_active=True alt_name=None in_archive='cs' is_general=False description='Covers all areas of cryptography and security including authentication, public key cryptosytems, proof-carrying code, etc. Roughly includes material in ACM Subject Classes D.4.6 and E.3.'}
}

@misc{xiang2024certifiably,
      title={Certifiably Robust RAG against Retrieval Corruption}, 
      author={Chong Xiang and Tong Wu and Zexuan Zhong and David Wagner and Danqi Chen and Prateek Mittal},
      year={2024},
      eprint={2405.15556},
      archivePrefix={arXiv},
      primaryClass={id='cs.LG' full_name='Machine Learning' is_active=True alt_name=None in_archive='cs' is_general=False description='Papers on all aspects of machine learning research (supervised, unsupervised, reinforcement learning, bandit problems, and so on) including also robustness, explanation, fairness, and methodology. cs.LG is also an appropriate primary category for applications of machine learning methods.'}
}

@misc{greshake2023youve,
      title={Not what you've signed up for: Compromising Real-World LLM-Integrated Applications with Indirect Prompt Injection}, 
      author={Kai Greshake and Sahar Abdelnabi and Shailesh Mishra and Christoph Endres and Thorsten Holz and Mario Fritz},
      year={2023},
      eprint={2302.12173},
      archivePrefix={arXiv},
      primaryClass={id='cs.CR' full_name='Cryptography and Security' is_active=True alt_name=None in_archive='cs' is_general=False description='Covers all areas of cryptography and security including authentication, public key cryptosytems, proof-carrying code, etc. Roughly includes material in ACM Subject Classes D.4.6 and E.3.'}
}